@ARTICLE{Survey05, 
author={Adomavicius, G. and Tuzhilin, A.}, 
journal={Knowledge and Data Engineering, IEEE Transactions on}, 
title={Toward the next generation of recommender systems: a survey of the state-of-the-art and possible extensions}, 
year={2005}, 
month={June}, 
volume={17}, 
number={6}, 
pages={734-749}, 
keywords={content-based retrieval;information filtering;collaborative filtering;content-based approach;contextual information;multicriteria rating estimation methods;recommender systems;Books;Business;Cognitive science;Collaboration;Collaborative work;Context modeling;Filtering;Hybrid power systems;Motion pictures;Recommender systems;Index Terms- Recommender systems;collaborative filtering;extensions to recommender systems.;rating estimation methods}, 
doi={10.1109/TKDE.2005.99}, 
ISSN={1041-4347},}

@MISC{Koren09,
    author = {Yehuda Koren and Robert Bell and Chris Volinsky},
    title = {MATRIX FACTORIZATION TECHNIQUES FOR RECOMMENDER SYSTEMS},
    year = {2009}
}